@book{gudava1962,
  title={Botlixuri ena [{T}he {B}otlikh language]},
  author={Gudava, Togo E.},
  year={1962},
  publisher={Tbilisi: Mecniereba}
  }
  
@book{saidovaabusov2012,
  title={Botlixsko-russkij slovar' [{B}otlikh-{R}ussian dictionary]},
  author={Saidova, Patimat A. and Abusov, Magomed G.},
  year={2012},
  publisher={Makhachkala: IJaLI}}
  
@book{alekseev2019,
  title={Botlixsko-russkij slovar' [{B}otlikh-{R}ussian dictionary]},
  author={Alekseev, Mixail E. and Azaev, Xalil G.},
  year={2019},
  publisher={Moscow: Academia}}
  
@incollection{azaev2000,
  title={‘{B}otlixskij jazyk [{B}otlikh]’},
  author={Azaev, Xalil G.},
  booktitle={Jazyki {D}agestana [{L}anguages of {D}aghestan]},
  editor={Gamzatov, Gadzhi G.},
  year={2000},
  publisher={Moscow/Makhachkala: Vostok (Oriens)},
  pages={346--359}}
  
@incollection{gudava1967,
  title={‘{B}otlixskij jazyk [{B}otlikh]’},
  author={Gudava, Togo E.},
  booktitle={Jazyki narodov {SSSR} tom 4. {I}berijsko-kavkazskie jazyki [{L}anguages of the peoples of {USSR} volume 4. {I}bero-caucasian languages]},
  editor={Bokarev, Evgenij A. and Lomatidze, Ketevan V.},
  year={1967},
  publisher={Moscow: Nauka},
  pages={293--306}}

@incollection{saidova2001,
  title={‘{B}otlixskij jazyk [{B}otlikh]’},
  author={Saidova, Patimat A.},
  booktitle={Jazyki {R}ossijskoj {F}ederacii i sosednix gosudarstv. {È}nciklopedija v 3-x tomax [{T}he languages of {R}ussia and adjacent states. {E}ncyclopaedia in 3 volumes]},
  editor={Jarceva, Viktorija N. and Vinogradov, Viktor A.},
  year={2001},
  publisher={Moscow: Nauka},
  pages={222--228}}

@incollection{magomedbekova2001,
  title={‘{B}otlixskij jazyk [{B}otlikh]’},
  author={Magomedbekova, Zagidat M.},
  booktitle={Jazyki mira. {K}avkazskie jazyki [{L}anguages of the world. {C}aucasian languages]},
  editor={Alekseev, Mixail E. and Klimov, Georgij A. and Starostin, Sergej A. and Testelec, Jakov G.},
  year={2001},
  publisher={Moscow: Academia},
  pages={228--236}}
  
@article{xalidova2017,
  author={Xalidova, Rašidat Š.},
  title={Lingvističeskij portret botlixskogo jazyka [{A} linguistic portrait of the {B}otlikh language]},
  journal={Vestnik Akademii nauk Čečenskoj Respubliki},
  year={2017},
  volume={34},
  number={1},
  pages={77--81}}
  
@incollection{alekseevverhees,
  title={‘{B}otlikh’},
  author={Alekseyev, Mikhail E. and Verhees, Samira},
  booktitle={The {C}aucasian {L}anguages. {A}n {I}nternational {H}andbook. {V}olume 2},
  editor={Koryakov, Yuri and Maisak, Timur},
  year={Forth.},
  publisher={Berlin/New York: Mouton de Gruyter}}
  
@book{simonsfenning2018,
  title={Ethnologue: {L}anguages of the {W}orld, 21st edition},
  author={Simons, Gary F. and Fenning, Charles D.},
  year={2018},
  publisher={Dallas/Texas: SIL International}}
  
@incollection{alekseev2016,
  title={‘{B}otlikh’},
  author={Alekseyev, Mikhail E.},
  booktitle={Word-Formation. {A}n {I}nternational {H}andbook of the {L}anguages of {E}urope. {V}olume 5},
  editor={Müller, Peter O. and Ohnheiser, Ingeborg and Olsen, Susan and Rainer, Franz},
  year={2016},
  publisher={Berlin/New York: Mouton de Gruyter}}

@book{azaev1975,
  title={Leksika i slovoobrazovanie botlixskogo jazyka [{L}exicon and word formation in {B}otlikh]. {P}h.{D}. dissertation},
  author={Azaev, Xalil G.},
  year={1975},
  publisher={Tbilisi State University}}
  
@book{sulejmanova2013,
  title={Otraslevaja leksika botlixskogo jazyka [{T}hematic lexicon of {B}otlikh]. {P}h.{D}. dissertation},
  author={Sulejmanova, Džavgarat I.},
  year={2013},
  publisher={Makhachkala: IJaLI}}
  
@book{kibrik1996,
  title={Godoberi},
  author={Kibrik, Aleksandr E. and Tatevosov, Sergej G. and Eulenberg, Alexander},
  year={1996},
  publisher={München/Newcastle: Lincom Europa}}